<?xml version="1.0" encoding="UTF-8"?><collection><record><leader>05420ntm a2200481 a 4500</leader><controlfield tag="001">006814115</controlfield><controlfield tag="003">MiAaHDL</controlfield><controlfield tag="005">20190719000000.0</controlfield><controlfield tag="006">m        d        </controlfield><controlfield tag="007">cr bn ---auaua</controlfield><controlfield tag="008">090608s16uu    xx            00| ||per d</controlfield><datafield tag="035" ind1=" " ind2=" "><subfield code="a">(MiU)006814115</subfield></datafield><datafield tag="035" ind1=" " ind2=" "><subfield code="a">sdr-miu006814115</subfield></datafield><datafield tag="040" ind1=" " ind2=" "><subfield code="a">MiU</subfield><subfield code="c">MiU</subfield><subfield code="e">amremm</subfield></datafield><datafield tag="043" ind1=" " ind2=" "><subfield code="a">n-us-mi</subfield></datafield><datafield tag="100" ind1="0" ind2=" "><subfield code="6">880-01</subfield><subfield code="a">Aşkî,</subfield><subfield code="d">fl. 16th cent.</subfield></datafield><datafield tag="245" ind1="1" ind2="0"><subfield code="6">880-03</subfield><subfield code="a">Dīvān-i ʻIshqī,</subfield><subfield code="f">[17th century?].</subfield></datafield><datafield tag="246" ind1="3" ind2=" "><subfield code="i">Title from inscription on upper pastedown:</subfield><subfield code="a">ديوان عشقی</subfield></datafield><datafield tag="260" ind1=" " ind2=" "><subfield code="c">[16--?].</subfield></datafield><datafield tag="300" ind1=" " ind2=" "><subfield code="a">138 leaves :</subfield><subfield code="b">paper ;</subfield><subfield code="c">205 x 115 (122 x 65) mm. bound to 210 x 120 mm.</subfield></datafield><datafield tag="500" ind1=" " ind2=" "><subfield code="a">Shelfmark: Ann Arbor, University of Michigan, Special Collections Library, Isl. Ms. 845</subfield></datafield><datafield tag="500" ind1=" " ind2=" "><subfield code="a">Origin: Lacks dated colophon ; paper, decoration, etc. would suggest late 16th or early 17th century.</subfield></datafield><datafield tag="500" ind1=" " ind2=" "><subfield code="a">Binding: Boards covered in light brown leather ; Western style binding ; pastedowns and flyleaves in untinted laid paper ; upper and lower covers carry border in blind rules ; five raised bands on spine ; sewn in cream thread, four stations, over cords ; green silk bookmark (register) attached to spine at head ; overall in fair condition with some abrasion, staining, lifting and losses of spine leather (split), etc.</subfield></datafield><datafield tag="500" ind1=" " ind2=" "><subfield code="a">Support: non-European laid paper with 6-7 laid lines per cm. (vertical) and chain lines (horizontal) seemingly grouped in threes with 14-15 mm. between chains and 53 mm. between groups, most leaves tinted salmon (ornage-pink), sturdy and well-burnished ; flyleaves in European laid paper with fleur de lis in shield / arms with crown above ; staining and minor pest damage.</subfield></datafield><datafield tag="500" ind1=" " ind2=" "><subfield code="a">Decoration: Splendid illuminated headpiece (ʻunwān / sarlawḥ) at opening on p.8 consisting of rectangular piece with gold cartouche carrying the title "ديوان عشقى" in white flanked by floral accents in gold, turquoise, white, etc. on a lapis lazuli ground, surmounted by scalloped w-shaped piece filled with swirling arabesques and floral motifs in gold, turquoise, white, etc. on grounds of black and lapis lazuli, entire piece set in a well of gold, turquoise and lapis bands and surmounted by vertical stalks (tīgh) in blue ; margins of incipit and facing page filled with floral designs in gold ; similar though somewhat smaller illuminated headpiece with heading "غزليات" in white and marginal designs at opening of ghazalīyāt on p.104 ; written area throughout surrounded by a frame consisting of a gold band defined by black fillets with outermost blue rule, divisions within defined by narrow gold bands outlined in black fillets ; keywords and headings chrysographed.</subfield></datafield><datafield tag="500" ind1=" " ind2=" "><subfield code="a">Script: Nastaʻlīq (talik) ; elegant hand in a medium line ; serifless, with dramatic effect of words descending to baseline, mainly closed counters, and elongated horizontal strokes.</subfield></datafield><datafield tag="500" ind1=" " ind2=" "><subfield code="a">Layout: Written in 12 lines per page with written area divided to two columns ; frame-ruled.</subfield></datafield><datafield tag="500" ind1=" " ind2=" "><subfield code="a">Collation: iv (i is pastedown), 2 III(12), 4 IV(44), 2 III(56), IV (64), 2 II(72), 7 IV(128), III (134), III-2 (138), iv (iv is pastedown) ; chiefly quaternions ; middle of the quire marks in the form of oblique strokes in black ink in opposite outer corners ; p.103 between qaṣāʼid (close on p.102) and ghazalīyāt (opening p.104) left blank ; catchwords present ; pagination in pencil, Western numerals, supplied during digitization (includes flyleaves).</subfield></datafield><datafield tag="500" ind1=" " ind2=" "><subfield code="a">Incipit: "ای دل هرزه گرد هرجایی زین تکاپو چه شد که باز ایی ..."</subfield></datafield><datafield tag="500" ind1=" " ind2=" "><subfield code="a">Title from illuminated headpiece at opening (p.8).</subfield></datafield><datafield tag="500" ind1=" " ind2=" "><subfield code="a">Ms. codex.</subfield></datafield><datafield tag="510" ind1="4" ind2=" "><subfield code="a">Fihris al-makhṭūṭāt al-Turkīyah al-ʻUthmānīyah allatī iqtanatʹhā Dār al-Kutub al-Qawmīyah mundhu ʻām 1870 ḥattá nihāyat 1980,</subfield><subfield code="c">v.1, p.248, no.953</subfield></datafield><datafield tag="510" ind1="4" ind2=" "><subfield code="a">Bursalı Mehmet Tahir. Osmanlı müellifleri (1972),</subfield><subfield code="c">v.2, p.18</subfield></datafield><datafield tag="510" ind1="4" ind2=" "><subfield code="a">Türk dili ve edebiyatı ansiklopedisi (1977),</subfield><subfield code="c">v.1, p.205</subfield></datafield><datafield tag="520" ind1="8" ind2=" "><subfield code="a">Exquisite copy of a Persian Dīvān with qaṣāʼid and ghazalīyāt of uncertain authorship, possibly of Aşkî (fl.1571) translator of ʻAyn al-Quḍāh al-Hamadānī's "Kanz al-ḥaqʼāq" (per the translator's preface) and Farīd al-Dīn ʻAttār's Mukhtārnāmah (see p.205 in Türk dili ve edebiyatı ansiklopedisi (1977), v.1 ; p.18 in Osmanlı müellifleri (1972), v.2 and p.248 in Fihris al-makhṭūṭāt al-Turkīyah al-ʻUthmānīyah allatī iqtanatʹhā Dār al-Kutub al-Qawmīyah mundhu ʻām 1870 ḥattá nihāyat 1980, v.1).</subfield></datafield><datafield tag="538" ind1=" " ind2=" "><subfield code="a">Mode of access: Internet.</subfield></datafield><datafield tag="546" ind1=" " ind2=" "><subfield code="a">Persian.</subfield></datafield><datafield tag="561" ind1=" " ind2=" "><subfield code="a">Ex libris / bookplate affixed to upper pastedown (medallion with shield per pale and encircling inscription dated MDCCCLXXX [?], i.e. 1880 [?]) accompanied by effaced inscription (likely signature) ; large oval seal impression (in blue ink) and inscriptions partially visible under leaf which has been affixed to 'title page' (recto of leaf carrying incipit page) ; occasional marginal corrections.</subfield></datafield><datafield tag="650" ind1=" " ind2="0"><subfield code="a">Manuscripts, Persian</subfield><subfield code="z">Michigan</subfield><subfield code="z">Ann Arbor.</subfield></datafield><datafield tag="650" ind1=" " ind2="0"><subfield code="a">Persian poetry</subfield><subfield code="y">1500-1796.</subfield></datafield><datafield tag="655" ind1=" " ind2="7"><subfield code="a">Headpieces (layout features)</subfield><subfield code="y">17th century.</subfield><subfield code="2">aat</subfield></datafield><datafield tag="880" ind1="1" ind2="0"><subfield code="6">245-03/</subfield><subfield code="a">ديوان عشقي,</subfield><subfield code="f">[قرن 17م؟].</subfield></datafield><datafield tag="880" ind1="0" ind2=" "><subfield code="6">100-01/</subfield><subfield code="a">عشقى.</subfield></datafield><datafield tag="CID" ind1=" " ind2=" "><subfield code="a">006814115</subfield></datafield><datafield tag="DAT" ind1="0" ind2=" "><subfield code="a">20190719102638.0</subfield><subfield code="b">20190719000000.0</subfield></datafield><datafield tag="DAT" ind1="1" ind2=" "><subfield code="a">20190719090653.0</subfield><subfield code="b">2019-07-19T16:11:45Z</subfield></datafield><datafield tag="DAT" ind1="2" ind2=" "><subfield code="a">2015-10-02T18:00:03Z</subfield></datafield><datafield tag="CAT" ind1=" " ind2=" "><subfield code="a">SDR-MIU</subfield><subfield code="d">EX LIBRIS - ALEPH</subfield><subfield code="l">prepare.pl-004-008</subfield></datafield><datafield tag="FMT" ind1=" " ind2=" "><subfield code="a">BK</subfield></datafield><datafield tag="HOL" ind1=" " ind2=" "><subfield code="0">sdr-miu006814115</subfield><subfield code="a">MiU</subfield><subfield code="b">SDR</subfield><subfield code="c">MIU</subfield><subfield code="p">mdp.39015079128727</subfield><subfield code="s">MIU</subfield><subfield code="1">006814115</subfield></datafield><datafield tag="974" ind1=" " ind2=" "><subfield code="b">MIU</subfield><subfield code="c">MIU</subfield><subfield code="d">20190719</subfield><subfield code="s">lit-dlps-dc</subfield><subfield code="u">mdp.39015079128727</subfield><subfield code="y">1699</subfield><subfield code="r">pd</subfield><subfield code="q">bib</subfield><subfield code="t">non-US bib date1 &lt; 1896</subfield></datafield></record></collection>